<?xml version="1.0" encoding="UTF-8"?><collection xmlns="http://www.loc.gov/MARC21/slim"><record><leader>00458nam--2200169-i-4500</leader><controlfield tag="001">000039645</controlfield><controlfield tag="002">20161230</controlfield><controlfield tag="005">20170102170620</controlfield><controlfield tag="008">060222s1000------------r-----000-0-eng-d</controlfield><datafield ind1=" " ind2=" " tag="040"><subfield code="a">IFIN-HH</subfield></datafield><datafield ind1=" " ind2=" " tag="080"><subfield code="a">539.12</subfield></datafield><datafield ind1="1" ind2=" " tag="100"><subfield code="a">Fry, J.R</subfield></datafield><datafield ind1="1" ind2="0" tag="245"><subfield code="a">Cross sections of common final states for k p interactions at 8.25gev/c</subfield><subfield code="c">J.R. Fry</subfield></datafield><datafield ind1=" " ind2=" " tag="260"><subfield code="a">Liverpool</subfield><subfield code="b">University</subfield><subfield code="c">1972</subfield></datafield><datafield ind1=" " ind2=" " tag="300"><subfield code="a">/PAG.DIF.</subfield></datafield><datafield ind1=" " ind2=" " tag="852"><subfield code="a">38535</subfield><subfield code="c">539.131</subfield></datafield><datafield ind1=" " ind2=" " tag="CAT"><subfield code="a">SYS</subfield><subfield code="c">20170102</subfield><subfield code="h">170620</subfield></datafield></record></collection>